@book{Abu-Mostafa2012,
   author = {Abu-Mostafa, Y.S. and Magdon-Ismail, M. and Lin, H.-T.},
   title = {Learning from data},
   publisher = {AMLbook.com},
   year = {2012}
}

@book{Adler2010,
   author = {Adler, J.},
   title = {R in a nutshell},
   publisher = {O'Reilly},
   address = {Sebastopol, CA},

   year = {2010}
}

@book{Albert2007,
   author = {Albert, J.},
   title = {Bayesian computation with R},
   publisher = {Springer},
   address = {New York},

   year = {2007}
}

@book{Bishop2006,
   author = {Bishop, C.M.},
   title = {Pattern recognition and machine learning},
   publisher = {Springer},
   address = {New York},
   year = {2006}
}

@book{Bivand2008,
   author = {Bivand, R.S. and Pebesma, E.J. and G{\'o}mez-Rubio, V.},
   title = {Applied spatial data analysis},
   publisher = {Springer},
   address = {New York},

   year = {2008}
}
@book{Brostrom2012,
   author = {Brostr\"om, G},
   title = {Event history analysis with R},
   publisher = {CRC Press},
   address = {Boca Raton},
   keywords = {R_course},
   year = {2012}
}


@book{Chacon2014,
   author = {Chacon, S. and Straub, B.},
   title = {Pro Git},
   publisher = {Apress},
   address = {New York},
   note = {pdf},
   year = {2014}
}

@book{Chambers2008,
   author = {Chambers, J.M.},
   title = {Software for data analysis: programming with R},
   publisher = {Springer},
   address = {New York},

   year = {2008}
}

@book{Chang2012,
   author = {Chang, W.},
   title = {R graphics cookbook},
   publisher = {O'Reilly},
   address = {Sebastopol, CA},

   year = {2012}
}

@book{Cook2007,
   author = {Cook, D. and Swayne, D.F.},
   title = {Interactive and dynamic graphics for data analysis with R and GGobi},
   publisher = {Springer},
   address = {New York},

   year = {2007}
}

@book{Cowpertwait2009,
   author = {Cowpertwait, P.S.P. and Metcalfe, A.V.},
   title = {Introductory time series with R},
   publisher = {Springer},
   address = {New York},
   year = {2009}
}

@book{Crawley2012,
   author = {Crawley, M. J.},
   title = {The R book},
   publisher = {Wiley},
   address = {Chichester},
   year = {2012}
}

@book{Dalgaard2008,
   author = {Dalgaard, P.},
   title = {Introductory statistics with R},
   publisher = {Springer},
   address = {New York},
   year = {2008}
}

@book{Dobson2018,
  author = {Dobson, A. J.},
  author = {Barnett, A. G.},
  title = {An introduction to generalized linear models},
  publisher = {Chapman and Hall/CRC},
  address = {Boca Raton}, 
  year = {2018}
}

@book{Dorman2014, 
  author = {Dorman, M.},
  title = {Learning R for geospatial analysis},
  publisher = {Packt},
  address = {Birmingham},
  year = {2014},
}

@book{Fawcett2012,
   author = {Fawcett, J. and Quin, Liam R.E. and Ayers, Danny},
   title = {Beginning XML},
   publisher = {John Wiley},
   address = {Indianapolis},
   year = {2012},
}

@book{Forte2015,
   author = {Forte, Rui Miguel},
   title = {Mastering predictive analytics with R},
   publisher = {Packt Publishing},
   address = {Birmingham, England},
   year = {2015}
}

@book{Fox2011,
   author = {Fox, John and Weisberg, S.},
   title = {An R companion to applied regression},
   publisher = {Sage},
   address = {Thousand Oaks, CA},
   edition = {2nd},
   year = {2011}
}

@book{Gandrud2013,
   author = {Gandrud, C.},
   title = {Reproducible research with R and R Studio },
   publisher = {Chapman and Hall/CRC},
   address = {Boca Raton},
   year = {2013}
}

@book{Gondro2015,
   author = {Gondro, Cedric},
   title = {Primer to analysis of genomic data using R},
   publisher = {Springer},
   address = {Cham, Switzerland},
   year = {2015}
}

@book{Hojsgaard2012,
   author = {H{\o}jsgaard, S{\o}ren and Edwards, David and Lauritzen, Stefan},
   title = {Graphical models with R},
   publisher = {Springer},
   address = {New York},
   year = {2012}
}

@book{James2013,
   author = {James, G. and Witten, D. and Hastie, T. and Tibshirani, R.},
   title = {An introduction to statistical learning with applications in R},
   publisher = {Springer},
   address = {New York},
   year = {2013}
}

@book{Kabacoff2014,
   author = {Kabacoff, R.},
   title = {R in action: data analysis and graphics with R},
   publisher = {Manning},
   address = {Shelter Island, NY},
   year = {2014}
}


@article{Kahle2013,
   author = {Kahle, D. and Wickham, H.},
   title = {ggmap: spatial visualization with ggplot2},
   journal = {The R Journal},
   volume = {5},
   number = {1},
   pages = {144-161},
   year = {2013}
}


@book{Keen2010,
   author = {Keen, K.J.},
   title = {Graphics for statistics and data analysis with R},
   publisher = {Chapman and Hall/CRC},
   address = {Boca Raton},
   year = {2010}
}

@book{Lander2014,
   author = {Lander, J.P.},
   title = {R for everyone: advanced analytics and graphics},
   publisher = {Addison Wesley},
   address = {Upper Saddle River},
   series = {Addison Wesley Data and Analytics Series},
   year = {2014}
}

@book{Lantz2013,
   author = {Lantz, Brett},
   title = {Machine learning with R},
   publisher = {Packt Publishing},
   address = {Birmingham, England},
   year = {2013}
}

@misc{Lichman2013 ,
    author = {M. Lichman},
    year = {2013},
    title = {UCI Machine Learning Repository},
    url = {http://archive.ics.uci.edu/ml"},
    institution = {University of California, Irvine, School of Information and Computer Sciences" }
}

@book{Maindonald2007,
   author = {Maindonald, J. and Braun, W.J.},
   title = {Data analysis and graphics using R - an example-based approach},
   publisher = {Cambridge University Press},
   address = {Cambridge},
   edition = {Second},
   year = {2007}
}

@book{Mailund2017,
   author = {Mailund, T.},
   title = {Beginning data science in R},
   publisher = {Apress/Springer},
   address = {New York},
   year = {2017}
}

@book{Matloff2011,
   author = {Matloff, N.},
   title = {The art of R programming},
   publisher = {No Starch Press},
   address = {San Francisco},
   year = {2011}
}

@book{Mills2011,
   author = {Mills, Melinda},
   title = {Introducing survival and event history analysis},
   publisher = {Sage Publications},
   address = {London},
   year = {2011}
}

@book{Mittelbach2004,
   author = {Mittelbach, F. and Goossens, M.},
   title = {The Latex companion},
   publisher = {Addison-Wesley},
   address = {Boston},
   keywords = {R_course},
   year = {2004}
}


@book{Munzert2015,
   author = {Munzert, S. and Rubba, C. and Meissner, P. and Nyhuis, D.},
   title = {Automated data collection with R},
   publisher = {Wiley},
   address = {Chichester, UK},
   year = {2015}
}

@book{Murrell2006,
   author = {Murrell, P.},
   title = {R graphics},
   publisher = {Chapman and Hall/CRC},
   address = {Boca Raton},
   year = {2006}
}


@book{Nagarajan2013,
   author = {Nagarajan, R. and Scutari, M. and L{\`e}bre, S.},
   title = {Bayesian networks in R},
   publisher = {Springer},
   address = {New York},
   year = {2013}
}

@book{Nolan2014,
   author = {Nolan, Deborah and Temple Lang, Duncan},
   title = {XML and web technologies for data sciences with R},
   publisher = {Springer},
   address = {New York},
   year = {2014}
}

@misc{Oetiker2015,
   author = {Oetiker, Tobias},
   title = {The not so short introduction to Latex (2e)},
   keywords = {R_course},
   year = {2015}
}

@book{Qian2010,
   author = {Qian, S. S.},
   title = {Environmental and ecological statistics with R},
   publisher = {CRC Press},
   address = {Boca Raton},
   year = {2010}
}

@book{Rizzo2008,
   author = {Rizzo, M.L.},
   title = {Statistical computing with R},
   publisher = {Chapman and Hall/CRC},
   address = {Boca Raton, Fl},
   year = {2008}
}

@book{Santacroce2015,
   author = {Santacroce, F.},
   title = {Git essentials},
   publisher = {Packt},
   address = {Birmingham, UK},
   year = {2015}
}

@book{Silge2017,
  author = {Silge, J. and Robinson, R.},
  title = {Text mining with R},
  publisher = {O'Reilly},
  address = {Sebastopol, CA},
  year = {2017},
}  

@book{Suess2010,
   author = {Suess, E.A. and Trumbo, B.E.},
   title = {Introduction to probability simulation and Gibbs sampling with R},
   publisher = {Springer},
   address = {New York},
   year = {2010}
}

@book{Teetor2011,
   author = {Teetor, P.},
   title = {R cookbook},
   publisher = {Sebastopol, CA},
   address = {O'Reilly},
   year = {2011}
}

@book{Torgo2011,
   author = {Torgo, L.},
   title = {Data mining with R},
   publisher = {Chapman and Hall/CRC Press},
   address = {Boca Raton},
   year = {2011}
}

@book{Wickham2009,
   author = {Wickham, H.},
   title = {ggplot2: elegant graphics for data analysis},
   publisher = {Springer},
   address = {New York},
   year = {2009}
}

@book{Wickham2015a,
   author = {Wickham, H.},
   title = {Advanced R},
   publisher = {CRC Press},
   address = {Boca Raton},
   year = {2015}
}

@book{Wickham2015b,
   author = {Wickham, H.},
   title = {R packages},
   publisher = {O'Reilly},
   address = {Sebastopol, CA},
   year = {2015}
}

@book{Wickham2017,
   author = {Wickham, H. and Grolemund, G.},
   title = {R for data science},
   publisher = {O'Reilly},
   address = {Sebastopol, CA},
   year = {2017}
}

@book{Wilkinson2005,
   author = {Wilkinson, L. and WIlls, D. and Rope, D. and Nortin, A. and Dubbs, R.},
   title = {The grammar of graphics},
   publisher = {Springer},
   address = {New York},
   year = {2005}
}

@book{Xie2013,
   author = {Xie, Yihui},
   title = {Dynamic documents with R and knitr},
   publisher = { CRC Press},
   address = {Boca Raton},
   year = {2013}
}

@book{Xie2017,
   author = {Xie, Yihui},
   title = {Bookdown Dynamic documents with R and knitr},
   titleaddon = {Authoring books and technical documents with R Markdown},
   publisher = { CRC Press},
   address = {Boca Raton},
   year = {2017}
}

@book{Zuur2009a,
   author = {Zuur, A.F. and Ieno, E.N. and Meesters, E.H.W.G.},
   title = {A beginner's guide to R},
   publisher = {Springer},
   address = {Dordrecht},
   year = {2009}
}

@book{Zuur2007,
   author = {Zuur, A.F. and Ieno, E.N. and Smith, G.M.},
   title = {Analysing ecological data},
   publisher = {Springer},
   address = {New York},
   year = {2007}
}

@book{Zuur2009b,
   author = {Zuur, A.F. and Ieno, E.N. and Walker, N.J. and Sav{\'e}liev, A.A. and Smith, G.M.},
   title = {Mixed effects models and extensions in ecology with R},
   publisher = {Springer},
   address = {New York},
   year = {2009}
}


